@Manual{rcore2018,
    title = {R: A Language and Environment for Statistical Computing},
    author = {{R Core Team}},
    organization = {R Foundation for Statistical Computing},
    address = {Vienna, Austria},
    year = {2018},
    url = {https://www.R-project.org/},
  }
  
  @Manual{rstudio,
    title = {RStudio: Integrated Development Environment for R},
    author = {{RStudio Team}},
    organization = {RStudio, Inc.},
    address = {Boston, MA},
    year = {2016},
    url = {http://www.rstudio.com/},
  }
  
   @Manual{tidy,
    title = {tidyverse: Easily Install and Load the 'Tidyverse'},
    author = {Hadley Wickham},
    year = {2017},
    note = {R package version 1.2.1},
    url = {https://CRAN.R-project.org/package=tidyverse},
  }
  
  @Book{car,
    title = {An {R} Companion to Applied Regression},
    edition = {Second},
    author = {John Fox and Sanford Weisberg},
    year = {2011},
    publisher = {Sage},
    address = {Thousand Oaks {CA}},
    url = {http://socserv.socsci.mcmaster.ca/jfox/Books/Companion},
  }
  
  @Manual{emmeans,
    title = {emmeans: Estimated Marginal Means, aka Least-Squares Means},
    author = {Russell Lenth},
    year = {2018},
    note = {R package version 1.2.4},
    url = {https://CRAN.R-project.org/package=emmeans},
  }
  
  @misc{reiners2011integrated,
  title={Integrated crop and pest management guidelines for commercial vegetable production. Cornell Cooperative Extension},
  author={Reiners, S and Petzoldt, CH},
  year={2011},
  url = {http://www.nysaes.cornell.edu/recommends/}
}

@article{finch1986behavior,
  title={Behavior of onion maggot (Diptera: Anthomyiidae) in commercial onion fields treated regularly with parathion sprays},
  author={Finch, S and Eckenrode, CJ and Cadoux, Margaret E},
  journal={Journal of economic entomology},
  volume={79},
  number={1},
  pages={107--113},
  year={1986},
  publisher={Oxford University Press Oxford, UK}
}

@article{ellis1979factors,
  title={Factors influencing resistance in Allium sp. to onion maggot},
  author={Ellis, PR and Eckenrode, CJ},
  journal={Bulletin of the ESA},
  volume={25},
  number={2},
  pages={151--154},
  year={1979},
  publisher={Oxford University Press Oxford, UK}
}

@article{ning2017predicting,
  title={Predicting the current potential and future world wide distribution of the onion maggot, Delia antiqua using maximum entropy ecological niche modeling},
  author={Ning, Shuoying and Wei, Jiufeng and Feng, Jinian},
  journal={PloS one},
  volume={12},
  number={2},
  pages={e0171190},
  year={2017},
  publisher={Public Library of Science}
}

@article{nault2007ecology,
  title={Ecology and management of onion maggot},
  author={Nault, BA},
  journal={Onion World},
  volume={23},
  pages={24--27},
  year={2007}
}

@article{straub1978onion,
  title={Onion maggot: evaluation of insecticides for protection of onions in muck soils},
  author={Straub, RW and Davis, AC},
  journal={Journal of Economic Entomology},
  volume={71},
  number={4},
  pages={684--686},
  year={1978},
  publisher={Oxford University Press Oxford, UK}
}

@article{nault2006performance,
  title={Performance of novel insecticide seed treatments for managing onion maggot (Diptera: Anthomyiidae) in onion fields},
  author={Nault, Brian A and Straub, Richard W and Taylor, Alan G},
  journal={Crop protection},
  volume={25},
  number={1},
  pages={58--65},
  year={2006},
  publisher={Elsevier}
}

@article{nault2006onion,
  title={Onion maggot (Diptera: Anthomyiidae) resistance to chlorpyrifos in New York onion fields},
  author={Nault, Brian A and Zhao, Jian-Zhou and Straub, Richard W and Nyrop, Jan P and Hessney, Mary Lou},
  journal={Journal of economic entomology},
  volume={99},
  number={4},
  pages={1375--1380},
  year={2006},
  publisher={Oxford University Press Oxford, UK}
}

@article{martinson1988dispersal,
  title={Dispersal of the onion fly (Diptera: Anthomyiidae) and larval damage in rotated onion fields},
  author={Martinson, TE and Nyrop, JP and Eckenrode, CJ},
  journal={Journal of economic entomology},
  volume={81},
  number={2},
  pages={508--514},
  year={1988},
  publisher={Oxford University Press Oxford, UK}
}

@article{eckenrode1975population,
  title={Population trends of onion maggots correlated with air thermal unit accumulations},
  author={Eckenrode, CJ and Vea, EV and Stone, KW},
  journal={Environmental Entomology},
  volume={4},
  number={5},
  pages={785--789},
  year={1975},
  publisher={Oxford University Press Oxford, UK}
}

@article{hoepting2004insecticide,
  title={Insecticide and fungicide combinations to optimize control of onion maggot (Delia antiqua) and onion smut (Urocystis cepulae) in Ontario},
  author={Hoepting, CA and Scott-Dupree, CD and Harris, CR and McDonald, MR},
  journal={Journal of vegetable crop production},
  volume={9},
  number={2},
  pages={49--63},
  year={2004},
  publisher={Taylor \& Francis}
}

@article{eckenrode1986impact,
  title={Impact of physical injury and commercial lifting on damage to onion bulbs by larvae of onion maggot (Diptera: Anthomyiidae)},
  author={Eckenrode, CJ and Nyrop, JP},
  journal={Journal of economic entomology},
  volume={79},
  number={6},
  pages={1606--1608},
  year={1986},
  publisher={Oxford University Press Oxford, UK}
}

@article{finch1985influence,
  title={Influence of unharvested, cull-pile, and volunteer onions on populations of onion maggot (Diptera: Anthomyiidae)},
  author={Finch, S and Eckenrode, CJ},
  journal={Journal of economic entomology},
  volume={78},
  number={3},
  pages={542--546},
  year={1985},
  publisher={Oxford University Press Oxford, UK}
}

@article{nault2011delaying,
  title={Delaying onion planting to control onion maggot (Diptera: Anthomyiidae): Efficacy and underlying mechanisms},
  author={Nault, Brian A and Werling, Benjamin P and Straub, Richard W and Nyrop, Jan P},
  journal={Journal of economic entomology},
  volume={104},
  number={5},
  pages={1622--1632},
  year={2011},
  publisher={Oxford University Press Oxford, UK}
}

@article{thomingdeveloping,
  title={Developing tools for monitoring and forecasting of onion fly Delia antiqua in Norway},
  author={Th{\"o}ming, Gunda and Schj{\o}ll, Annette Folkedal and Johansen, Tor J}
}

@article{otto2000development,
  title={Development of a simulation model for the population dynamics of the onion fly Delia antiqua in Germany},
  author={Otto, M and Hommes, M},
  journal={EPPO Bulletin},
  volume={30},
  number={1},
  pages={115--119},
  year={2000},
  publisher={Wiley Online Library}
}


@article{harris1988host,
  title={Host-acceptance behaviour in an herbivorous fly, Delia antiqua},
  author={Harris, MO and Miller, JR},
  journal={Journal of Insect Physiology},
  volume={34},
  number={3},
  pages={179--190},
  year={1988},
  publisher={Elsevier}
}

@article{harris1983color,
  title={Color stimuli and oviposition behavior of the onion fly, Delia antiqua (Meigen)(Diptera: Anthomyiidae)},
  author={Harris, Marion O and Miller, James R},
  journal={Annals of the Entomological Society of America},
  volume={76},
  number={4},
  pages={766--771},
  year={1983},
  publisher={Oxford University Press Oxford, UK}
}

@article{straub1978onion,
  title={Onion maggot: evaluation of insecticides for protection of onions in muck soils},
  author={Straub, RW and Davis, AC},
  journal={Journal of Economic Entomology},
  volume={71},
  number={4},
  pages={684--686},
  year={1978},
  publisher={Oxford University Press Oxford, UK}
}

@article{el2009potential,
  title={Potential of “lure and kill” in long-term pest management and eradication of invasive species},
  author={El-Sayed, AM and Suckling, DM and Byers, JA and Jang, EB and Wearing, CH},
  journal={Journal of economic entomology},
  volume={102},
  number={3},
  pages={815--835},
  year={2009},
  publisher={Oxford University Press Oxford, UK}
}

@article{navarro2013efficacy,
  title={Efficacy of attract-and-kill devices for the control of Ceratitis capitata},
  author={Navarro-Llopis, Vicente and Primo, Jaime and Vacas, Sandra},
  journal={Pest management science},
  volume={69},
  number={4},
  pages={478--482},
  year={2013},
  publisher={Wiley Online Library}
}

@article{charmillot2000attract,
  title={Attract and kill: a new method for control of the codling moth Cydia pomonella},
  author={Charmillot, P-J and Hofer, D and Pasquier, D},
  journal={Entomologia Experimentalis et Applicata},
  volume={94},
  number={2},
  pages={211--216},
  year={2000},
  publisher={Wiley Online Library}
}

@article{el2011bait,
  title={Bait-free attract and kill technology (Hook™ RPW) to suppress red palm weevil, Rhynchophorus ferrugineus (Coleoptera: Curculionidae) in date palm},
  author={El-Shafie, HAF and Faleiro, JR and Al-Abbad, AH and Stoltman, L and Mafra-Neto, A},
  journal={Florida Entomologist},
  volume={94},
  number={4},
  pages={774--779},
  year={2011},
  publisher={BioOne}
}